@book{latex,
  author = "Leslie Lamport",
  title = "A Document Preparation System {\LaTeX} User's Guide\& Reference Manual",
  publisher = "Addison Wesley",
  address = "Reading, Massachusetts",
  year = 1986
}
